@article{Azuma97,
    author = {Ronald Azuma},
    title = {A Survey of Augmented Reality},
    year = {1997},
    pages = {355--385},
    volume = {6},
    number    = {4}
}

@article{MirrorWorlds,
  author    = {Alessandro Ricci and
               Michele Piunti and
               Luca Tummolini and
               Cristiano Castelfranchi},
  title     = {The Mirror World: Preparing for Mixed-Reality Living},
  journal   = {{IEEE} Pervasive Computing},
  volume    = {14},
  number    = {2},
  pages     = {60--63},
  year      = {2015},
  url       = {http://dx.doi.org/10.1109/MPRV.2015.44},
  doi       = {10.1109/MPRV.2015.44},
  timestamp = {Mon, 27 Apr 2015 17:17:54 +0200},
  biburl    = {http://dblp.uni-trier.de/rec/bib/journals/pervasive/RicciPTC15},
  bibsource = {dblp computer science bibliography, http://dblp.org}
}

